@misc{santos2016calculo,
  title={C{\'a}lculo Numa Vari{\'a}vel Real},
  author={Santos, Jo√£o Paulo},
  year={2016},
  publisher={IST Press}
}

